%% This BibTeX bibliography file was created using BibDesk.
%% http://bibdesk.sourceforge.net/


%% Created for THOMPSON, KYLE B. (LARC-D305) at 2016-03-04 17:14:42 -0500 


%% Saved with string encoding Unicode (UTF-8) 



@article{BR1,
	Author = {F. Bassi and S. Rebay},
	Date-Added = {2016-03-04 22:12:56 +0000},
	Date-Modified = {2016-03-04 22:13:13 +0000},
	Journal = {Journal of Computational Physics},
	Number = {2},
	Pages = {267 - 279},
	Title = {A High-Order Accurate Discontinuous Finite Element Method for the Numerical Solution of the Compressible Navier--Stokes Equations},
	Volume = {131},
	Year = {1997},
	Bdsk-Url-1 = {http://www.sciencedirect.com/science/article/pii/S0021999196955722},
	Bdsk-Url-2 = {http://dx.doi.org/10.1006/jcph.1996.5572}}

@incollection{hartmann,
	Author = {R. Hartmann},
	Booktitle = {Numerical Analysis of Higher Order Discontinuous Galerkin Finite Element Methods},
	Date-Added = {2016-03-04 21:57:06 +0000},
	Date-Modified = {2016-03-04 22:01:18 +0000},
	Pages = {1-107},
	Publisher = {DLR},
	Series = {VKI Lecture Series},
	Title = {Numerical Analysis of Higher Order Discontinuous Galerkin Finite Element Methods},
	Year = {2008}}

@article{br2,
	Author = {F. Bassi, A. Crivellini, S. Rebay, and M. Savini},
	Date-Added = {2016-03-04 21:30:20 +0000},
	Date-Modified = {2016-03-04 21:37:38 +0000},
	Journal = {Computers and Fluids},
	Number = {4--5},
	Pages = {507-540},
	Title = {Discontinuous Galerkin Solution of the Reynolds-averaged Navier-Stokes and k-Ï‰ turbulence model equations},
	Volume = {34},
	Year = {2005}}
