%% This BibTeX bibliography file was created using BibDesk.
%% http://bibdesk.sourceforge.net/


%% Created for THOMPSON, KYLE B. (LARC-D305) at 2016-03-08 15:15:16 -0500 


%% Saved with string encoding Unicode (UTF-8) 



@techreport{mcbride,
	Author = {S. Gordon, B. McBride},
	Date-Added = {2016-03-08 20:12:34 +0000},
	Date-Modified = {2016-03-08 20:14:22 +0000},
	Institution = {NASA},
	Number = {1311},
	Title = {Computer Program for Calculation of Complex Chemical Equilibrium Compositions and Applications},
	Type = {Reference Publication},
	Year = {1994}}
